@article{Hopkins_74,
author = {C. Hopkins},
title = {{Electric communication: functions in the social behavior of \textit{Eigenmannia virescens}}},
journal = {Behaviour},
volume = {50},
year = {1974},
number = {3-4},
pages = {270--304}
}

@article{Heiligenberg_73,
author = {W. Heiligenberg},
title = {{Electrolocation of Objects in the Electric Fish \textit{Eigenmannia}
(Rhamphichthyidae, Gymnotoidei)}},
journal = {Journal of Comparative Physiology A},
volume = {87},
year = {1973},
number = {2},
pages = {137--164}
}

@article{Nelson_MacIver_1999,
author = {M.E. Nelson and M.A. Maciver},
title = {{Prey capture in the weakly electric fish \textit{Apteronotus albifrons}: sensory acquisition stratgies and electrosensory consequenses}},
journal = {Journal of Experimental Biology},
volume = {202},
year = {1999},
number = {10},
pages = {1195--1203}
}

@article{Meyer_1986,
  title={{Hormone-induces and maturational changes in electric organ discharges and electroreceptor tuning in the weakly electric fish \textit{Apteronotus}}},
  author={Meyer, J.H. and Leong, M. and Keller, C.H.},
  year = {1987},
  pages = {385-394},
  volume = {160},
  journal = {Journal of Comparative Physiology A},
}


@book{Zupanc_Bullock_2005,
author = {Zupanc, G.K.H., and Bullock, T.H.},
year = {2005},
title = {{From Electrogenesis to Electroreception: An Overview}},
chapter = {2},
pages = {5-46},
publisher = {Springer New York},
address = {New York, NY}
}

@article{Santana2013,
    author = {de Santana, Carlos David and Vari, Richard P.},
    title = {{Brown ghost electric fishes of the \textit{Apteronotus leptorhynchus} species-group (Ostariophysi, Gymnotiformes); monophyly, major clades, and revision}},
    journal = {Zoological Journal of the Linnean Society},
    volume = {168},
    number = {3},
    pages = {564-596},
    year = {2013},
    month = {07},
    issn = {0024-4082},
    doi = {10.1111/zoj.12022},
    url = {https://doi.org/10.1111/zoj.12022},
    eprint = {http://oup.prod.sis.lan/zoolinnean/article-pdf/168/3/564/16618739/zoj12022.pdf},
}

@article{Hulen2005,
author = {K.G. Hulen  and  W.G.R. Crampton  and  J.S.   Albert },
title = {{Phylogenetic systematics and historical biogeography of the Neotropical electric fish \textit{Sternopygus} (Teleostei: Gymnotiformes)}},
journal = {Systematics and Biodiversity},
volume = {3},
number = {4},
pages = {407-432},
year  = {2005},
publisher = {Taylor & Francis},
doi = {10.1017/S1477200005001726},
URL = {https://doi.org/10.1017/S1477200005001726},
eprint = {https://doi.org/10.1017/S1477200005001726}
}

@article{lavoue2012comparablewaeklylectricfish,
  title={{Comparable ages for the independent origins of electrogenesis in African and South American weakly electric fishes}},
  author={Lavou{\'e}, S. and Miya, M. and Arnegard, M.E. and Sullivan, J.P. and Hopkins, C.D. and Nishida, M.},
  journal={PLoS one},
  volume={7},
  number={5},
  pages={e36287},
  year={2012},
  publisher={Public Library of Science}
}

@Article{Keller1991,
author="Keller, C.H.
and Kawasaki, M.
and Heiligenberg, W.",
title={{The control of pacemaker modulations for social communication in the weakly electric fish \textit{Sternopygus}}},
journal="Journal of Comparative Physiology A",
year="1991",
month="Oct",
day="01",
volume="169",
number="4",
pages="441--450",
issn="1432-1351",
doi="10.1007/BF00197656",
url="https://doi.org/10.1007/BF00197656"
}

@article{silva2009cytogenetic,
  title={{Cytogenetic studies in \textit{Eigenmannia virescens} (Sternopygidae, Gymnotiformes) and new inferences on the origin of sex chromosomes in the \textit{Eigenmannia genus}}},
  author={Silva, D.S. and Milhomem, S.S.R. and Pieczarka, J.C. and Nagamachi, C.Y.},
  journal={BMC genetics},
  volume={10},
  number={1},
  pages={74},
  year={2009},
  publisher={BioMed Central}
}

@Article{Meyer1987,
author="Meyer, J.H.
and Leong, M.
and Keller, C.H.",
title={{Hormone-induced and maturational changes in electric organ discharges and electroreceptor tuning in the weakly electric fish \textit{Apteronotus}}},
journal="Journal of Comparative Physiology A",
year="1987",
month="May",
day="01",
volume="160",
number="3",
pages="385--394",
issn="1432-1351",
doi="10.1007/BF00613028",
url="https://doi.org/10.1007/BF00613028"
}

@incollection{albert2005diversity,
  title={{Diversity and phylogeny of Neotropical electric fishes (Gymnotiformes)}},
  author={Albert, J.S. and Crampton, W.G.R.},
  booktitle={Electroreception},
  pages={360--409},
  year={2005},
  publisher={Springer}
}

@ARTICLE{raab2019, 
AUTHOR={Raab, Till and Linhart, Laura and Wurm, Anna and Benda, Jan},
TITLE={{Dominance in Habitat Preference and Diurnal Explorative Behavior of the Weakly Electric Fish \textit{Apteronotus leptorhynchus}}}, 
JOURNAL={Frontiers in Integrative Neuroscience},  
VOLUME={13},      
PAGES={21},     
YEAR={2019},      
URL={https://www.frontiersin.org/article/10.3389/fnint.2019.00021},  
DOI={10.3389/fnint.2019.00021},    
ISSN={1662-5145}}

@article{redsalmon1995,
 ISSN = {00218790, 13652656},
 URL = {http://www.jstor.org/stable/5828},
 author = {Shigeru Nakano},
 journal = {Journal of Animal Ecology},
 number = {1},
 pages = {75--84},
 publisher = {[Wiley, British Ecological Society]},
 title = {{Individual Differences in Resource Use, Growth and Emigration Under the Influence of a Dominance Hierarchy in Fluvial Red-Spotted Masu Salmon in a Natural Habitat}},
 volume = {64},
 year = {1995}
}

@article{TAN2005electrosensoryinterferenceEigenmannia,
title = {{Electrosensory interference in naturally occurring aggregates of a species of weakly electric fish, \textit{Eigenmannia virescens}}},
journal = "Behavioural Brain Research",
volume = "164",
number = "1",
pages = "83 - 92",
year = "2005",
issn = "0166-4328",
doi = "https://doi.org/10.1016/j.bbr.2005.06.014",
url = "http://www.sciencedirect.com/science/article/pii/S0166432805002317",
author = "Eric W. Tan and Jonathan M. Nizar and Erika Carrera-G and Eric S. Fortune",
keywords = "Shoaling, Jamming avoidance response, Amazon Basin, Signal detection"}

@article{dunlap2002retreat,
  title={{Retreat site selection and social organization in captive electric fish, \textit{Apteronotus leptorhynchus}}},
  author={Dunlap, K and Oliveri, L},
  journal={Journal of Comparative Physiology A},
  volume={188},
  number={6},
  pages={469--477},
  year={2002},
  publisher={Springer}
}

@article{HAGEDORN1985,
title = {{Court and spark: electric signals in the courtship and mating of gymnotoid fish}},
journal = "Animal Behaviour",
volume = "33",
number = "1",
pages = "254 - 265",
year = "1985",
issn = "0003-3472",
doi = "https://doi.org/10.1016/S0003-3472(85)80139-1",
url = "http://www.sciencedirect.com/science/article/pii/S0003347285801391",
author = "Mary Hagedorn and Walter Heiligenberg"}

@article{marrero1991notas,
  title={{Notas sobre la historia natural y la distribucion de los peces Gymnotiformes en la cuenca del rio Apure y otros rios de la Orinoquia}},
  author={Marrero, C and Taphorn, DC},
  journal={Biollania},
  volume={8},
  pages={123--142},
  year={1991}
}

@article{cox1999detrended,
  title={{Detrended canonical correspondence analysis (DCCA) of electric fish assemblages in the Amazon}},
  author={Cox Fernandes, C},
  journal={Biology of tropical fishes},
  pages={21--39},
  year={1999},
  publisher={Inpa Manaus, Brazil}
}

@article{takiyama2015biomass,
  title={{Capability of the Weakly Electric Fish \textit{Apteronotus albifrons} as Revealed by a Modified Retinal Flat-Mount Method}},
  author={Takiyama, T and Luna da Silva, V and Moura Silva, D and Hamasaki, S and Yoshida, M},
  journal={Brain Behav Evol},
  volume={86},
  pages={122--130},
  year={2015},
}

@article{hagedorn1988ecology,
  title={{Ecology and behavior of a pulse-type electric fish, \textit{Hypopomus occidentalis} (Gymnotiformes, Hypopomidae), in a fresh-water stream in Panama}},
  author={Hagedorn, Mary},
  journal={Copeia},
  pages={324--335},
  year={1988},
  publisher={JSTOR}
}

@article{westby1988ecology,
  title={{The ecology, discharge diversity and predatory behaviour of gymnotiforme electric fish in the coastal streams of French Guiana}},
  author={Westby, GW Max},
  journal={Behavioral Ecology and Sociobiology},
  volume={22},
  number={5},
  pages={341--354},
  year={1988},
  publisher={Springer}
}

@article{lissmann1965activity,
  title={{Activity rhythm of an electric fish, \textit{Gymnorhamphichthys hypostomus}, Ellis}},
  author={Lissmann, Hans W and Schwassmann, Horst O},
  journal={Zeitschrift f{\"u}r vergleichende Physiologie},
  volume={51},
  number={3},
  pages={153--171},
  year={1965},
  publisher={Springer}
}

@article{aadland1993stream,
  title={{Stream habitat types: their fish assemblages and relationship to flow}},
  author={Aadland, Luther P},
  journal={North American Journal of Fisheries Management},
  volume={13},
  number={4},
  pages={790--806},
  year={1993},
  publisher={Taylor \& Francis}
}

@article{sherry1989redstarts,
  title={{Age-specific social dominance affects habitat use by breeding American redstarts (\textit{Setophaga ruticilla}): a removal experiment}},
  author={Sherry, T.W. and Holmes, R.T.},
  journal={Behav Ecol Sociobiol},
  volume={25},
  pages={327â€“333},
  year={1989},
}


@article{downes1998heat,
  title={{Heat, safety or solitude? Using habitat selection experiments to identify a lizard's priorities}},
  author={Downes, Sharon and Shine, Richard},
  journal={Animal Behaviour},
  volume={55},
  number={5},
  pages={1387--1396},
  year={1998},
  publisher={Elsevier}
}

@article{triefenbach_zakon2003,
 title ={{Effects of sex, sensitivity and status on cue recognition in the weakly electric fish \textit{Apteronotus leptorhynchus.}}},
 author={Triefenbach, F and Zakon, H},
 journal={Animal Behaviour},
 volume={65},
 pages={19--28},
 number={1},
 year={2003},
 publisher={Elsevier}
 }

